%YAML 1.1
%TAG !u! tag:unity3d.com,2011:
--- !u!29 &1
SceneSettings:
  m_ObjectHideFlags: 0
  m_PVSData: 
  m_PVSObjectsArray: []
  m_PVSPortalsArray: []
  m_OcclusionBakeSettings:
    smallestOccluder: 5
    smallestHole: 0.25
    backfaceThreshold: 100
--- !u!104 &2
RenderSettings:
  m_ObjectHideFlags: 0
  serializedVersion: 6
  m_Fog: 0
  m_FogColor: {r: 0.5, g: 0.5, b: 0.5, a: 1}
  m_FogMode: 3
  m_FogDensity: 0.01
  m_LinearFogStart: 0
  m_LinearFogEnd: 300
  m_AmbientSkyColor: {r: 0.212, g: 0.227, b: 0.259, a: 1}
  m_AmbientEquatorColor: {r: 0.114, g: 0.125, b: 0.133, a: 1}
  m_AmbientGroundColor: {r: 0.047, g: 0.043, b: 0.035, a: 1}
  m_AmbientIntensity: 1
  m_AmbientMode: 0
  m_SkyboxMaterial: {fileID: 10304, guid: 0000000000000000f000000000000000, type: 0}
  m_HaloStrength: 0.5
  m_FlareStrength: 1
  m_FlareFadeSpeed: 3
  m_HaloTexture: {fileID: 0}
  m_SpotCookie: {fileID: 10001, guid: 0000000000000000e000000000000000, type: 0}
  m_DefaultReflectionMode: 0
  m_DefaultReflectionResolution: 128
  m_ReflectionBounces: 1
  m_ReflectionIntensity: 1
  m_CustomReflection: {fileID: 0}
  m_Sun: {fileID: 0}
--- !u!157 &4
LightmapSettings:
  m_ObjectHideFlags: 0
  serializedVersion: 6
  m_GIWorkflowMode: 0
  m_LightmapsMode: 1
  m_GISettings:
    serializedVersion: 2
    m_BounceScale: 1
    m_IndirectOutputScale: 1
    m_AlbedoBoost: 1
    m_TemporalCoherenceThreshold: 1
    m_EnvironmentLightingMode: 0
    m_EnableBakedLightmaps: 1
    m_EnableRealtimeLightmaps: 1
  m_LightmapEditorSettings:
    serializedVersion: 3
    m_Resolution: 2
    m_BakeResolution: 40
    m_TextureWidth: 1024
    m_TextureHeight: 1024
    m_AOMaxDistance: 1
    m_Padding: 2
    m_CompAOExponent: 0
    m_LightmapParameters: {fileID: 0}
    m_TextureCompression: 1
    m_FinalGather: 0
    m_FinalGatherRayCount: 1024
    m_ReflectionCompression: 2
  m_LightingDataAsset: {fileID: 0}
  m_RuntimeCPUUsage: 25
--- !u!196 &5
NavMeshSettings:
  serializedVersion: 2
  m_ObjectHideFlags: 0
  m_BuildSettings:
    serializedVersion: 2
    agentRadius: 0.5
    agentHeight: 2
    agentSlope: 45
    agentClimb: 0.4
    ledgeDropHeight: 0
    maxJumpAcrossDistance: 0
    accuratePlacement: 0
    minRegionArea: 2
    cellSize: 0.16666667
    manualCellSize: 0
  m_NavMeshData: {fileID: 0}
--- !u!1 &56456239
GameObject:
  m_ObjectHideFlags: 0
  m_PrefabParentObject: {fileID: 0}
  m_PrefabInternal: {fileID: 0}
  serializedVersion: 4
  m_Component:
  - 224: {fileID: 56456243}
  - 223: {fileID: 56456242}
  - 114: {fileID: 56456241}
  - 114: {fileID: 56456240}
  m_Layer: 5
  m_Name: Canvas
  m_TagString: Untagged
  m_Icon: {fileID: 0}
  m_NavMeshLayer: 0
  m_StaticEditorFlags: 0
  m_IsActive: 1
--- !u!114 &56456240
MonoBehaviour:
  m_ObjectHideFlags: 0
  m_PrefabParentObject: {fileID: 0}
  m_PrefabInternal: {fileID: 0}
  m_GameObject: {fileID: 56456239}
  m_Enabled: 1
  m_EditorHideFlags: 0
  m_Script: {fileID: 1301386320, guid: f5f67c52d1564df4a8936ccd202a3bd8, type: 3}
  m_Name: 
  m_EditorClassIdentifier: 
  m_IgnoreReversedGraphics: 1
  m_BlockingObjects: 0
  m_BlockingMask:
    serializedVersion: 2
    m_Bits: 4294967295
--- !u!114 &56456241
MonoBehaviour:
  m_ObjectHideFlags: 0
  m_PrefabParentObject: {fileID: 0}
  m_PrefabInternal: {fileID: 0}
  m_GameObject: {fileID: 56456239}
  m_Enabled: 1
  m_EditorHideFlags: 0
  m_Script: {fileID: 1980459831, guid: f5f67c52d1564df4a8936ccd202a3bd8, type: 3}
  m_Name: 
  m_EditorClassIdentifier: 
  m_UiScaleMode: 1
  m_ReferencePixelsPerUnit: 100
  m_ScaleFactor: 1
  m_ReferenceResolution: {x: 1334, y: 740}
  m_ScreenMatchMode: 0
  m_MatchWidthOrHeight: 1
  m_PhysicalUnit: 3
  m_FallbackScreenDPI: 96
  m_DefaultSpriteDPI: 96
  m_DynamicPixelsPerUnit: 1
--- !u!223 &56456242
Canvas:
  m_ObjectHideFlags: 0
  m_PrefabParentObject: {fileID: 0}
  m_PrefabInternal: {fileID: 0}
  m_GameObject: {fileID: 56456239}
  m_Enabled: 1
  serializedVersion: 2
  m_RenderMode: 0
  m_Camera: {fileID: 0}
  m_PlaneDistance: 100
  m_PixelPerfect: 1
  m_ReceivesEvents: 1
  m_OverrideSorting: 0
  m_OverridePixelPerfect: 0
  m_SortingLayerID: 0
  m_SortingOrder: 0
  m_TargetDisplay: 0
--- !u!224 &56456243
RectTransform:
  m_ObjectHideFlags: 0
  m_PrefabParentObject: {fileID: 0}
  m_PrefabInternal: {fileID: 0}
  m_GameObject: {fileID: 56456239}
  m_LocalRotation: {x: 0, y: 0, z: 0, w: 1}
  m_LocalPosition: {x: 0, y: 0, z: 0}
  m_LocalScale: {x: 0, y: 0, z: 0}
  m_Children:
  - {fileID: 1285916063}
  - {fileID: 1245234343}
  - {fileID: 1282196010}
  m_Father: {fileID: 0}
  m_RootOrder: 5
  m_AnchorMin: {x: 0, y: 0}
  m_AnchorMax: {x: 0, y: 0}
  m_AnchoredPosition: {x: 0, y: 0}
  m_SizeDelta: {x: 0, y: 0}
  m_Pivot: {x: 0, y: 0}
--- !u!1001 &564681315
Prefab:
  m_ObjectHideFlags: 0
  serializedVersion: 2
  m_Modification:
    m_TransformParent: {fileID: 56456243}
    m_Modifications:
    - target: {fileID: 22449952, guid: 4201498684d894528b89c80a9e5d9592, type: 2}
      propertyPath: m_LocalPosition.x
      value: 0
      objectReference: {fileID: 0}
    - target: {fileID: 22449952, guid: 4201498684d894528b89c80a9e5d9592, type: 2}
      propertyPath: m_LocalPosition.y
      value: 0
      objectReference: {fileID: 0}
    - target: {fileID: 22449952, guid: 4201498684d894528b89c80a9e5d9592, type: 2}
      propertyPath: m_LocalPosition.z
      value: 0
      objectReference: {fileID: 0}
    - target: {fileID: 22449952, guid: 4201498684d894528b89c80a9e5d9592, type: 2}
      propertyPath: m_LocalRotation.x
      value: 0
      objectReference: {fileID: 0}
    - target: {fileID: 22449952, guid: 4201498684d894528b89c80a9e5d9592, type: 2}
      propertyPath: m_LocalRotation.y
      value: 0
      objectReference: {fileID: 0}
    - target: {fileID: 22449952, guid: 4201498684d894528b89c80a9e5d9592, type: 2}
      propertyPath: m_LocalRotation.z
      value: 0
      objectReference: {fileID: 0}
    - target: {fileID: 22449952, guid: 4201498684d894528b89c80a9e5d9592, type: 2}
      propertyPath: m_LocalRotation.w
      value: 1
      objectReference: {fileID: 0}
    - target: {fileID: 22449952, guid: 4201498684d894528b89c80a9e5d9592, type: 2}
      propertyPath: m_RootOrder
      value: 1
      objectReference: {fileID: 0}
    - target: {fileID: 22449952, guid: 4201498684d894528b89c80a9e5d9592, type: 2}
      propertyPath: m_AnchoredPosition.x
      value: 0
      objectReference: {fileID: 0}
    - target: {fileID: 22449952, guid: 4201498684d894528b89c80a9e5d9592, type: 2}
      propertyPath: m_AnchoredPosition.y
      value: 0
      objectReference: {fileID: 0}
    - target: {fileID: 22449952, guid: 4201498684d894528b89c80a9e5d9592, type: 2}
      propertyPath: m_SizeDelta.x
      value: 0
      objectReference: {fileID: 0}
    - target: {fileID: 22449952, guid: 4201498684d894528b89c80a9e5d9592, type: 2}
      propertyPath: m_SizeDelta.y
      value: 0
      objectReference: {fileID: 0}
    - target: {fileID: 22449952, guid: 4201498684d894528b89c80a9e5d9592, type: 2}
      propertyPath: m_AnchorMin.x
      value: 0
      objectReference: {fileID: 0}
    - target: {fileID: 22449952, guid: 4201498684d894528b89c80a9e5d9592, type: 2}
      propertyPath: m_AnchorMin.y
      value: 0.95
      objectReference: {fileID: 0}
    - target: {fileID: 22449952, guid: 4201498684d894528b89c80a9e5d9592, type: 2}
      propertyPath: m_AnchorMax.x
      value: 1
      objectReference: {fileID: 0}
    - target: {fileID: 22449952, guid: 4201498684d894528b89c80a9e5d9592, type: 2}
      propertyPath: m_AnchorMax.y
      value: 1
      objectReference: {fileID: 0}
    - target: {fileID: 22449952, guid: 4201498684d894528b89c80a9e5d9592, type: 2}
      propertyPath: m_Pivot.x
      value: 0.5
      objectReference: {fileID: 0}
    - target: {fileID: 22449952, guid: 4201498684d894528b89c80a9e5d9592, type: 2}
      propertyPath: m_Pivot.y
      value: 0.5
      objectReference: {fileID: 0}
    m_RemovedComponents: []
  m_ParentPrefab: {fileID: 100100000, guid: 4201498684d894528b89c80a9e5d9592, type: 2}
  m_IsPrefabParent: 0
--- !u!114 &837442780 stripped
MonoBehaviour:
  m_PrefabParentObject: {fileID: 11406406, guid: 4368954fb50f1462d8233cbbe6c63bbe,
    type: 2}
  m_PrefabInternal: {fileID: 2093821707}
  m_Script: {fileID: 11500000, guid: 8865c9a2440eb438195adcc9140ba05a, type: 3}
--- !u!1 &849673202
GameObject:
  m_ObjectHideFlags: 0
  m_PrefabParentObject: {fileID: 0}
  m_PrefabInternal: {fileID: 0}
  serializedVersion: 4
  m_Component:
  - 4: {fileID: 849673204}
  - 108: {fileID: 849673203}
  m_Layer: 0
  m_Name: Directional Light
  m_TagString: Untagged
  m_Icon: {fileID: 0}
  m_NavMeshLayer: 0
  m_StaticEditorFlags: 0
  m_IsActive: 1
--- !u!108 &849673203
Light:
  m_ObjectHideFlags: 0
  m_PrefabParentObject: {fileID: 0}
  m_PrefabInternal: {fileID: 0}
  m_GameObject: {fileID: 849673202}
  m_Enabled: 1
  serializedVersion: 6
  m_Type: 1
  m_Color: {r: 1, g: 0.95686275, b: 0.8392157, a: 1}
  m_Intensity: 1
  m_Range: 10
  m_SpotAngle: 30
  m_CookieSize: 10
  m_Shadows:
    m_Type: 2
    m_Resolution: -1
    m_Strength: 1
    m_Bias: 0.05
    m_NormalBias: 0.4
    m_NearPlane: 0.2
  m_Cookie: {fileID: 0}
  m_DrawHalo: 0
  m_Flare: {fileID: 0}
  m_RenderMode: 0
  m_CullingMask:
    serializedVersion: 2
    m_Bits: 4294967295
  m_Lightmapping: 4
  m_BounceIntensity: 1
  m_ShadowRadius: 0
  m_ShadowAngle: 0
  m_AreaSize: {x: 1, y: 1}
--- !u!4 &849673204
Transform:
  m_ObjectHideFlags: 0
  m_PrefabParentObject: {fileID: 0}
  m_PrefabInternal: {fileID: 0}
  m_GameObject: {fileID: 849673202}
  m_LocalRotation: {x: 0.40821794, y: -0.23456973, z: 0.109381676, w: 0.87542605}
  m_LocalPosition: {x: 0, y: 3, z: 0}
  m_LocalScale: {x: 1, y: 1, z: 1}
  m_Children: []
  m_Father: {fileID: 0}
  m_RootOrder: 1
--- !u!1 &921241689
GameObject:
  m_ObjectHideFlags: 0
  m_PrefabParentObject: {fileID: 0}
  m_PrefabInternal: {fileID: 0}
  serializedVersion: 4
  m_Component:
  - 4: {fileID: 921241690}
  - 114: {fileID: 921241691}
  m_Layer: 0
  m_Name: Genesis
  m_TagString: Untagged
  m_Icon: {fileID: 0}
  m_NavMeshLayer: 0
  m_StaticEditorFlags: 0
  m_IsActive: 1
--- !u!4 &921241690
Transform:
  m_ObjectHideFlags: 0
  m_PrefabParentObject: {fileID: 0}
  m_PrefabInternal: {fileID: 0}
  m_GameObject: {fileID: 921241689}
  m_LocalRotation: {x: 0, y: 0, z: 0, w: 1}
  m_LocalPosition: {x: 0, y: 0, z: 0}
  m_LocalScale: {x: 1, y: 1, z: 1}
  m_Children: []
  m_Father: {fileID: 0}
  m_RootOrder: 4
--- !u!114 &921241691
MonoBehaviour:
  m_ObjectHideFlags: 0
  m_PrefabParentObject: {fileID: 0}
  m_PrefabInternal: {fileID: 0}
  m_GameObject: {fileID: 921241689}
  m_Enabled: 1
  m_EditorHideFlags: 0
  m_Script: {fileID: 11500000, guid: b47936b7207da4f6f85c4e32608d6176, type: 3}
  m_Name: 
  m_EditorClassIdentifier: 
  mr_TileBuilder: {fileID: 2110107454}
  mr_PlayerPiece: {fileID: 1318829175}
  mr_MovementArrows: {fileID: 837442780}
  mr_ServerCommunicator: {fileID: 2090807918}
  mr_LoginUI: {fileID: 1285916067}
  mr_StatusUI: {fileID: 1245234347}
  mr_MessageUI: {fileID: 1282196015}
--- !u!1 &1163493226
GameObject:
  m_ObjectHideFlags: 0
  m_PrefabParentObject: {fileID: 0}
  m_PrefabInternal: {fileID: 0}
  serializedVersion: 4
  m_Component:
  - 4: {fileID: 1163493229}
  - 114: {fileID: 1163493228}
  - 114: {fileID: 1163493227}
  m_Layer: 0
  m_Name: EventSystem
  m_TagString: Untagged
  m_Icon: {fileID: 0}
  m_NavMeshLayer: 0
  m_StaticEditorFlags: 0
  m_IsActive: 1
--- !u!114 &1163493227
MonoBehaviour:
  m_ObjectHideFlags: 0
  m_PrefabParentObject: {fileID: 0}
  m_PrefabInternal: {fileID: 0}
  m_GameObject: {fileID: 1163493226}
  m_Enabled: 1
  m_EditorHideFlags: 0
  m_Script: {fileID: 1077351063, guid: f5f67c52d1564df4a8936ccd202a3bd8, type: 3}
  m_Name: 
  m_EditorClassIdentifier: 
  m_HorizontalAxis: Horizontal
  m_VerticalAxis: Vertical
  m_SubmitButton: Submit
  m_CancelButton: Cancel
  m_InputActionsPerSecond: 10
  m_RepeatDelay: 0.5
  m_ForceModuleActive: 0
--- !u!114 &1163493228
MonoBehaviour:
  m_ObjectHideFlags: 0
  m_PrefabParentObject: {fileID: 0}
  m_PrefabInternal: {fileID: 0}
  m_GameObject: {fileID: 1163493226}
  m_Enabled: 1
  m_EditorHideFlags: 0
  m_Script: {fileID: -619905303, guid: f5f67c52d1564df4a8936ccd202a3bd8, type: 3}
  m_Name: 
  m_EditorClassIdentifier: 
  m_FirstSelected: {fileID: 0}
  m_sendNavigationEvents: 1
  m_DragThreshold: 5
--- !u!4 &1163493229
Transform:
  m_ObjectHideFlags: 0
  m_PrefabParentObject: {fileID: 0}
  m_PrefabInternal: {fileID: 0}
  m_GameObject: {fileID: 1163493226}
  m_LocalRotation: {x: 0, y: 0, z: 0, w: 1}
  m_LocalPosition: {x: 0, y: 0, z: 0}
  m_LocalScale: {x: 1, y: 1, z: 1}
  m_Children: []
  m_Father: {fileID: 0}
  m_RootOrder: 6
--- !u!224 &1245234343 stripped
RectTransform:
  m_PrefabParentObject: {fileID: 22449952, guid: 4201498684d894528b89c80a9e5d9592,
    type: 2}
  m_PrefabInternal: {fileID: 564681315}
--- !u!114 &1245234347 stripped
MonoBehaviour:
  m_PrefabParentObject: {fileID: 11431750, guid: 4201498684d894528b89c80a9e5d9592,
    type: 2}
  m_PrefabInternal: {fileID: 564681315}
  m_Script: {fileID: 11500000, guid: 303209091d96e49ec8d4b8b8525b90f6, type: 3}
--- !u!224 &1282196010 stripped
RectTransform:
  m_PrefabParentObject: {fileID: 22419166, guid: e5a892f5c4e28410bbfa58d21ad41e07,
    type: 2}
  m_PrefabInternal: {fileID: 1405666055}
--- !u!114 &1282196015 stripped
MonoBehaviour:
  m_PrefabParentObject: {fileID: 11403960, guid: e5a892f5c4e28410bbfa58d21ad41e07,
    type: 2}
  m_PrefabInternal: {fileID: 1405666055}
  m_Script: {fileID: 11500000, guid: c4815050cba9e478a97c7c17dcc0b54e, type: 3}
--- !u!224 &1285916063 stripped
RectTransform:
  m_PrefabParentObject: {fileID: 22482534, guid: 757a0987745d244e4b3a3fc58f3c0b24,
    type: 2}
  m_PrefabInternal: {fileID: 1751728205}
--- !u!114 &1285916067 stripped
MonoBehaviour:
  m_PrefabParentObject: {fileID: 11482694, guid: 757a0987745d244e4b3a3fc58f3c0b24,
    type: 2}
  m_PrefabInternal: {fileID: 1751728205}
  m_Script: {fileID: 11500000, guid: 58f48c09922364bb48da6a553ff52d43, type: 3}
--- !u!1001 &1318829173
Prefab:
  m_ObjectHideFlags: 0
  serializedVersion: 2
  m_Modification:
    m_TransformParent: {fileID: 0}
    m_Modifications:
    - target: {fileID: 466928, guid: 645de66522f034413a147b670eb8a117, type: 2}
      propertyPath: m_LocalPosition.x
      value: 0
      objectReference: {fileID: 0}
    - target: {fileID: 466928, guid: 645de66522f034413a147b670eb8a117, type: 2}
      propertyPath: m_LocalPosition.y
      value: 0
      objectReference: {fileID: 0}
    - target: {fileID: 466928, guid: 645de66522f034413a147b670eb8a117, type: 2}
      propertyPath: m_LocalPosition.z
      value: 0
      objectReference: {fileID: 0}
    - target: {fileID: 466928, guid: 645de66522f034413a147b670eb8a117, type: 2}
      propertyPath: m_LocalRotation.x
      value: 0
      objectReference: {fileID: 0}
    - target: {fileID: 466928, guid: 645de66522f034413a147b670eb8a117, type: 2}
      propertyPath: m_LocalRotation.y
      value: 0
      objectReference: {fileID: 0}
    - target: {fileID: 466928, guid: 645de66522f034413a147b670eb8a117, type: 2}
      propertyPath: m_LocalRotation.z
      value: 0
      objectReference: {fileID: 0}
    - target: {fileID: 466928, guid: 645de66522f034413a147b670eb8a117, type: 2}
      propertyPath: m_LocalRotation.w
      value: 1
      objectReference: {fileID: 0}
    - target: {fileID: 466928, guid: 645de66522f034413a147b670eb8a117, type: 2}
      propertyPath: m_RootOrder
      value: 7
      objectReference: {fileID: 0}
    - target: {fileID: 111726, guid: 645de66522f034413a147b670eb8a117, type: 2}
      propertyPath: m_IsActive
      value: 1
      objectReference: {fileID: 0}
    - target: {fileID: 11417650, guid: 645de66522f034413a147b670eb8a117, type: 2}
      propertyPath: mr_TileBuilder
      value: 
      objectReference: {fileID: 2110107454}
    m_RemovedComponents: []
  m_ParentPrefab: {fileID: 100100000, guid: 645de66522f034413a147b670eb8a117, type: 2}
  m_IsPrefabParent: 0
--- !u!114 &1318829175 stripped
MonoBehaviour:
  m_PrefabParentObject: {fileID: 11417650, guid: 645de66522f034413a147b670eb8a117,
    type: 2}
  m_PrefabInternal: {fileID: 1318829173}
  m_Script: {fileID: 11500000, guid: b29656d0368d6434993dc3f9d83432ba, type: 3}
--- !u!1001 &1405666055
Prefab:
  m_ObjectHideFlags: 0
  serializedVersion: 2
  m_Modification:
    m_TransformParent: {fileID: 56456243}
    m_Modifications:
    - target: {fileID: 22419166, guid: e5a892f5c4e28410bbfa58d21ad41e07, type: 2}
      propertyPath: m_LocalPosition.x
      value: 0
      objectReference: {fileID: 0}
    - target: {fileID: 22419166, guid: e5a892f5c4e28410bbfa58d21ad41e07, type: 2}
      propertyPath: m_LocalPosition.y
      value: 0
      objectReference: {fileID: 0}
    - target: {fileID: 22419166, guid: e5a892f5c4e28410bbfa58d21ad41e07, type: 2}
      propertyPath: m_LocalPosition.z
      value: 0
      objectReference: {fileID: 0}
    - target: {fileID: 22419166, guid: e5a892f5c4e28410bbfa58d21ad41e07, type: 2}
      propertyPath: m_LocalRotation.x
      value: 0
      objectReference: {fileID: 0}
    - target: {fileID: 22419166, guid: e5a892f5c4e28410bbfa58d21ad41e07, type: 2}
      propertyPath: m_LocalRotation.y
      value: 0
      objectReference: {fileID: 0}
    - target: {fileID: 22419166, guid: e5a892f5c4e28410bbfa58d21ad41e07, type: 2}
      propertyPath: m_LocalRotation.z
      value: 0
      objectReference: {fileID: 0}
    - target: {fileID: 22419166, guid: e5a892f5c4e28410bbfa58d21ad41e07, type: 2}
      propertyPath: m_LocalRotation.w
      value: 1
      objectReference: {fileID: 0}
    - target: {fileID: 22419166, guid: e5a892f5c4e28410bbfa58d21ad41e07, type: 2}
      propertyPath: m_RootOrder
      value: 2
      objectReference: {fileID: 0}
    - target: {fileID: 22419166, guid: e5a892f5c4e28410bbfa58d21ad41e07, type: 2}
      propertyPath: m_AnchoredPosition.x
      value: 0
      objectReference: {fileID: 0}
    - target: {fileID: 22419166, guid: e5a892f5c4e28410bbfa58d21ad41e07, type: 2}
      propertyPath: m_AnchoredPosition.y
      value: 0
      objectReference: {fileID: 0}
    - target: {fileID: 22419166, guid: e5a892f5c4e28410bbfa58d21ad41e07, type: 2}
      propertyPath: m_SizeDelta.x
      value: 300
      objectReference: {fileID: 0}
    - target: {fileID: 22419166, guid: e5a892f5c4e28410bbfa58d21ad41e07, type: 2}
      propertyPath: m_SizeDelta.y
      value: 160
      objectReference: {fileID: 0}
    - target: {fileID: 22419166, guid: e5a892f5c4e28410bbfa58d21ad41e07, type: 2}
      propertyPath: m_AnchorMin.x
      value: 0.5
      objectReference: {fileID: 0}
    - target: {fileID: 22419166, guid: e5a892f5c4e28410bbfa58d21ad41e07, type: 2}
      propertyPath: m_AnchorMin.y
      value: 0.5
      objectReference: {fileID: 0}
    - target: {fileID: 22419166, guid: e5a892f5c4e28410bbfa58d21ad41e07, type: 2}
      propertyPath: m_AnchorMax.x
      value: 0.5
      objectReference: {fileID: 0}
    - target: {fileID: 22419166, guid: e5a892f5c4e28410bbfa58d21ad41e07, type: 2}
      propertyPath: m_AnchorMax.y
      value: 0.5
      objectReference: {fileID: 0}
    - target: {fileID: 22419166, guid: e5a892f5c4e28410bbfa58d21ad41e07, type: 2}
      propertyPath: m_Pivot.x
      value: 0.5
      objectReference: {fileID: 0}
    - target: {fileID: 22419166, guid: e5a892f5c4e28410bbfa58d21ad41e07, type: 2}
      propertyPath: m_Pivot.y
      value: 0.5
      objectReference: {fileID: 0}
    m_RemovedComponents: []
  m_ParentPrefab: {fileID: 100100000, guid: e5a892f5c4e28410bbfa58d21ad41e07, type: 2}
  m_IsPrefabParent: 0
--- !u!1001 &1751728205
Prefab:
  m_ObjectHideFlags: 0
  serializedVersion: 2
  m_Modification:
    m_TransformParent: {fileID: 56456243}
    m_Modifications:
    - target: {fileID: 22482534, guid: 757a0987745d244e4b3a3fc58f3c0b24, type: 2}
      propertyPath: m_LocalPosition.x
      value: 0
      objectReference: {fileID: 0}
    - target: {fileID: 22482534, guid: 757a0987745d244e4b3a3fc58f3c0b24, type: 2}
      propertyPath: m_LocalPosition.y
      value: 0
      objectReference: {fileID: 0}
    - target: {fileID: 22482534, guid: 757a0987745d244e4b3a3fc58f3c0b24, type: 2}
      propertyPath: m_LocalPosition.z
      value: 0
      objectReference: {fileID: 0}
    - target: {fileID: 22482534, guid: 757a0987745d244e4b3a3fc58f3c0b24, type: 2}
      propertyPath: m_LocalRotation.x
      value: 0
      objectReference: {fileID: 0}
    - target: {fileID: 22482534, guid: 757a0987745d244e4b3a3fc58f3c0b24, type: 2}
      propertyPath: m_LocalRotation.y
      value: 0
      objectReference: {fileID: 0}
    - target: {fileID: 22482534, guid: 757a0987745d244e4b3a3fc58f3c0b24, type: 2}
      propertyPath: m_LocalRotation.z
      value: 0
      objectReference: {fileID: 0}
    - target: {fileID: 22482534, guid: 757a0987745d244e4b3a3fc58f3c0b24, type: 2}
      propertyPath: m_LocalRotation.w
      value: 1
      objectReference: {fileID: 0}
    - target: {fileID: 22482534, guid: 757a0987745d244e4b3a3fc58f3c0b24, type: 2}
      propertyPath: m_RootOrder
      value: 0
      objectReference: {fileID: 0}
    - target: {fileID: 22482534, guid: 757a0987745d244e4b3a3fc58f3c0b24, type: 2}
      propertyPath: m_AnchoredPosition.x
      value: 0
      objectReference: {fileID: 0}
    - target: {fileID: 22482534, guid: 757a0987745d244e4b3a3fc58f3c0b24, type: 2}
      propertyPath: m_AnchoredPosition.y
      value: 0
      objectReference: {fileID: 0}
    - target: {fileID: 22482534, guid: 757a0987745d244e4b3a3fc58f3c0b24, type: 2}
      propertyPath: m_SizeDelta.x
      value: 286.39648
      objectReference: {fileID: 0}
    - target: {fileID: 22482534, guid: 757a0987745d244e4b3a3fc58f3c0b24, type: 2}
      propertyPath: m_SizeDelta.y
      value: 170.79956
      objectReference: {fileID: 0}
    - target: {fileID: 22482534, guid: 757a0987745d244e4b3a3fc58f3c0b24, type: 2}
      propertyPath: m_AnchorMin.x
      value: 0.5
      objectReference: {fileID: 0}
    - target: {fileID: 22482534, guid: 757a0987745d244e4b3a3fc58f3c0b24, type: 2}
      propertyPath: m_AnchorMin.y
      value: 0.5
      objectReference: {fileID: 0}
    - target: {fileID: 22482534, guid: 757a0987745d244e4b3a3fc58f3c0b24, type: 2}
      propertyPath: m_AnchorMax.x
      value: 0.5
      objectReference: {fileID: 0}
    - target: {fileID: 22482534, guid: 757a0987745d244e4b3a3fc58f3c0b24, type: 2}
      propertyPath: m_AnchorMax.y
      value: 0.5
      objectReference: {fileID: 0}
    - target: {fileID: 22482534, guid: 757a0987745d244e4b3a3fc58f3c0b24, type: 2}
      propertyPath: m_Pivot.x
      value: 0.5
      objectReference: {fileID: 0}
    - target: {fileID: 22482534, guid: 757a0987745d244e4b3a3fc58f3c0b24, type: 2}
      propertyPath: m_Pivot.y
      value: 0.5
      objectReference: {fileID: 0}
    m_RemovedComponents: []
  m_ParentPrefab: {fileID: 100100000, guid: 757a0987745d244e4b3a3fc58f3c0b24, type: 2}
  m_IsPrefabParent: 0
--- !u!1 &1928356259
GameObject:
  m_ObjectHideFlags: 0
  m_PrefabParentObject: {fileID: 0}
  m_PrefabInternal: {fileID: 0}
  serializedVersion: 4
  m_Component:
  - 4: {fileID: 1928356264}
  - 20: {fileID: 1928356263}
  - 92: {fileID: 1928356262}
  - 124: {fileID: 1928356261}
  - 81: {fileID: 1928356260}
  - 114: {fileID: 1928356265}
  - 114: {fileID: 1928356266}
  m_Layer: 0
  m_Name: Main Camera
  m_TagString: MainCamera
  m_Icon: {fileID: 0}
  m_NavMeshLayer: 0
  m_StaticEditorFlags: 0
  m_IsActive: 1
--- !u!81 &1928356260
AudioListener:
  m_ObjectHideFlags: 0
  m_PrefabParentObject: {fileID: 0}
  m_PrefabInternal: {fileID: 0}
  m_GameObject: {fileID: 1928356259}
  m_Enabled: 1
--- !u!124 &1928356261
Behaviour:
  m_ObjectHideFlags: 0
  m_PrefabParentObject: {fileID: 0}
  m_PrefabInternal: {fileID: 0}
  m_GameObject: {fileID: 1928356259}
  m_Enabled: 1
--- !u!92 &1928356262
Behaviour:
  m_ObjectHideFlags: 0
  m_PrefabParentObject: {fileID: 0}
  m_PrefabInternal: {fileID: 0}
  m_GameObject: {fileID: 1928356259}
  m_Enabled: 1
--- !u!20 &1928356263
Camera:
  m_ObjectHideFlags: 0
  m_PrefabParentObject: {fileID: 0}
  m_PrefabInternal: {fileID: 0}
  m_GameObject: {fileID: 1928356259}
  m_Enabled: 1
  serializedVersion: 2
  m_ClearFlags: 1
  m_BackGroundColor: {r: 0.19215687, g: 0.3019608, b: 0.4745098, a: 0.019607844}
  m_NormalizedViewPortRect:
    serializedVersion: 2
    x: 0
    y: 0
    width: 1
    height: 1
  near clip plane: 0.3
  far clip plane: 1000
  field of view: 60
  orthographic: 0
  orthographic size: 5
  m_Depth: -1
  m_CullingMask:
    serializedVersion: 2
    m_Bits: 4294967295
  m_RenderingPath: -1
  m_TargetTexture: {fileID: 0}
  m_TargetDisplay: 0
  m_TargetEye: 3
  m_HDR: 0
  m_OcclusionCulling: 1
  m_StereoConvergence: 10
  m_StereoSeparation: 0.022
  m_StereoMirrorMode: 0
--- !u!4 &1928356264
Transform:
  m_ObjectHideFlags: 0
  m_PrefabParentObject: {fileID: 0}
  m_PrefabInternal: {fileID: 0}
  m_GameObject: {fileID: 1928356259}
  m_LocalRotation: {x: 0.4116117, y: 0, z: 0, w: 0.91135937}
  m_LocalPosition: {x: 0, y: 6.78, z: -4.72}
  m_LocalScale: {x: 1, y: 1, z: 1}
  m_Children: []
  m_Father: {fileID: 0}
  m_RootOrder: 0
--- !u!114 &1928356265
MonoBehaviour:
  m_ObjectHideFlags: 0
  m_PrefabParentObject: {fileID: 0}
  m_PrefabInternal: {fileID: 0}
  m_GameObject: {fileID: 1928356259}
  m_Enabled: 1
  m_EditorHideFlags: 0
  m_Script: {fileID: -768656878, guid: f5f67c52d1564df4a8936ccd202a3bd8, type: 3}
  m_Name: 
  m_EditorClassIdentifier: 
  m_EventMask:
    serializedVersion: 2
    m_Bits: 4294967295
--- !u!114 &1928356266
MonoBehaviour:
  m_ObjectHideFlags: 0
  m_PrefabParentObject: {fileID: 0}
  m_PrefabInternal: {fileID: 0}
  m_GameObject: {fileID: 1928356259}
  m_Enabled: 1
  m_EditorHideFlags: 0
  m_Script: {fileID: 11500000, guid: 59aa69a474b6844ef8d43789fad56630, type: 3}
  m_Name: 
  m_EditorClassIdentifier: 
  mr_Target: {fileID: 2028011608}
--- !u!1 &2028011608 stripped
GameObject:
  m_PrefabParentObject: {fileID: 111726, guid: 645de66522f034413a147b670eb8a117, type: 2}
  m_PrefabInternal: {fileID: 1318829173}
--- !u!1 &2090807915
GameObject:
  m_ObjectHideFlags: 0
  m_PrefabParentObject: {fileID: 0}
  m_PrefabInternal: {fileID: 0}
  serializedVersion: 4
  m_Component:
  - 4: {fileID: 2090807916}
  - 114: {fileID: 2090807918}
  m_Layer: 0
  m_Name: ServerCommunicator
  m_TagString: Untagged
  m_Icon: {fileID: 0}
  m_NavMeshLayer: 0
  m_StaticEditorFlags: 0
  m_IsActive: 1
--- !u!4 &2090807916
Transform:
  m_ObjectHideFlags: 0
  m_PrefabParentObject: {fileID: 0}
  m_PrefabInternal: {fileID: 0}
  m_GameObject: {fileID: 2090807915}
  m_LocalRotation: {x: 0, y: 0, z: 0, w: 1}
  m_LocalPosition: {x: 0, y: 0, z: 0}
  m_LocalScale: {x: 1, y: 1, z: 1}
  m_Children: []
  m_Father: {fileID: 0}
  m_RootOrder: 2
--- !u!114 &2090807918
MonoBehaviour:
  m_ObjectHideFlags: 0
  m_PrefabParentObject: {fileID: 0}
  m_PrefabInternal: {fileID: 0}
  m_GameObject: {fileID: 2090807915}
  m_Enabled: 1
  m_EditorHideFlags: 0
  m_Script: {fileID: 11500000, guid: 14cd253d15976421d94499ccb21872c2, type: 3}
  m_Name: 
  m_EditorClassIdentifier: 
  mr_serverAddress: http://localhost:8080
--- !u!1001 &2093821707
Prefab:
  m_ObjectHideFlags: 0
  serializedVersion: 2
  m_Modification:
    m_TransformParent: {fileID: 0}
    m_Modifications:
    - target: {fileID: 438100, guid: 4368954fb50f1462d8233cbbe6c63bbe, type: 2}
      propertyPath: m_LocalPosition.x
      value: 0
      objectReference: {fileID: 0}
    - target: {fileID: 438100, guid: 4368954fb50f1462d8233cbbe6c63bbe, type: 2}
      propertyPath: m_LocalPosition.y
      value: 0.5
      objectReference: {fileID: 0}
    - target: {fileID: 438100, guid: 4368954fb50f1462d8233cbbe6c63bbe, type: 2}
      propertyPath: m_LocalPosition.z
      value: 0
      objectReference: {fileID: 0}
    - target: {fileID: 438100, guid: 4368954fb50f1462d8233cbbe6c63bbe, type: 2}
      propertyPath: m_LocalRotation.x
      value: 0
      objectReference: {fileID: 0}
    - target: {fileID: 438100, guid: 4368954fb50f1462d8233cbbe6c63bbe, type: 2}
      propertyPath: m_LocalRotation.y
      value: 0
      objectReference: {fileID: 0}
    - target: {fileID: 438100, guid: 4368954fb50f1462d8233cbbe6c63bbe, type: 2}
      propertyPath: m_LocalRotation.z
      value: 0
      objectReference: {fileID: 0}
    - target: {fileID: 438100, guid: 4368954fb50f1462d8233cbbe6c63bbe, type: 2}
      propertyPath: m_LocalRotation.w
      value: 1
      objectReference: {fileID: 0}
    - target: {fileID: 438100, guid: 4368954fb50f1462d8233cbbe6c63bbe, type: 2}
      propertyPath: m_RootOrder
      value: 8
      objectReference: {fileID: 0}
    - target: {fileID: 167610, guid: 4368954fb50f1462d8233cbbe6c63bbe, type: 2}
      propertyPath: m_IsActive
      value: 1
      objectReference: {fileID: 0}
    m_RemovedComponents: []
  m_ParentPrefab: {fileID: 100100000, guid: 4368954fb50f1462d8233cbbe6c63bbe, type: 2}
  m_IsPrefabParent: 0
--- !u!1 &2110107452
GameObject:
  m_ObjectHideFlags: 0
  m_PrefabParentObject: {fileID: 0}
  m_PrefabInternal: {fileID: 0}
  serializedVersion: 4
  m_Component:
  - 4: {fileID: 2110107453}
  - 114: {fileID: 2110107454}
  m_Layer: 0
  m_Name: TileBuilder
  m_TagString: Untagged
  m_Icon: {fileID: 0}
  m_NavMeshLayer: 0
  m_StaticEditorFlags: 0
  m_IsActive: 1
--- !u!4 &2110107453
Transform:
  m_ObjectHideFlags: 0
  m_PrefabParentObject: {fileID: 0}
  m_PrefabInternal: {fileID: 0}
  m_GameObject: {fileID: 2110107452}
  m_LocalRotation: {x: 0, y: 0, z: 0, w: 1}
  m_LocalPosition: {x: 0, y: 0, z: 0}
  m_LocalScale: {x: 1, y: 1, z: 1}
  m_Children: []
  m_Father: {fileID: 0}
  m_RootOrder: 3
--- !u!114 &2110107454
MonoBehaviour:
  m_ObjectHideFlags: 0
  m_PrefabParentObject: {fileID: 0}
  m_PrefabInternal: {fileID: 0}
  m_GameObject: {fileID: 2110107452}
  m_Enabled: 1
  m_EditorHideFlags: 0
  m_Script: {fileID: 11500000, guid: f49ae5792827b4ba19edca8c95ff72a6, type: 3}
  m_Name: 
  m_EditorClassIdentifier: 
  mr_tilePrefab: {fileID: 172508, guid: 6bc8039c11f2c42f8a18ee9deacad0ef, type: 2}
  mr_yRange: 0.1
  mr_yRotationRange: 7
